%% This BibTeX bibliography file was created using BibDesk.
%% http://bibdesk.sourceforge.net/


%% Created for Mike Frank at 2023-02-01 21:43:21 -0800 


%% Saved with string encoding Unicode (UTF-8) 



@inproceedings{asr2018,
	author = {Asr, Fatemeh Torabi and Zinkov, Robert and Jones, Michael},
	booktitle = {Proceedings of the 2018 Conference of the North American Chapter of the Association for Computational Linguistics: Human Language Technologies, Volume 1 (Long Papers)},
	date-added = {2023-02-01 21:43:20 -0800},
	date-modified = {2023-02-01 21:43:21 -0800},
	pages = {675--684},
	title = {Querying word embeddings for similarity and relatedness},
	year = {2018}}

@incollection{Boroditsky2003,
	address = {Cambridge, MA},
	author = {L. Boroditsky and L. Schmidt and W. Phillips},
	booktitle = {Language in Mind: Advances in the Study of Language and Cognition},
	editor = {D. Gentner and S. Goldin-Meadow},
	publisher = {MIT Press},
	title = {Sex, Syntax, and Semantics},
	year = 2003}

@article{Chiu1972,
	author = {L. Chiu},
	doi = {doi:10.1080/00207597208246604},
	journal = {International Journal of Psychology},
	number = 4,
	pages = {235--242},
	title = {A Cross-Cultural Comparison of Cognitive Styles in Chinese and American Children},
	volume = 7,
	year = 1972,
	bdsk-url-1 = {https://doi.org/10.1080/00207597208246604}}

@article{Choi1999,
	author = {I. Choi and R. E. Nisbett and A. Norenzayan},
	doi = {doi:10.1037/0033-2909.125.1.47},
	journal = {International Journal of Psychology},
	number = 1,
	pages = {47--63},
	title = {Causal attribution across cultures: Variation and universality},
	volume = 125,
	year = 1999,
	bdsk-url-1 = {https://doi.org/10.1037/0033-2909.125.1.47}}

@article{Norenzayan2002,
	author = {A. Norenzayan and E. E. Smith and B. J. Kim and R. E. Nisbett},
	doi = {doi:10.1207/s15516709cog2605_4},
	journal = {Cognitive Science},
	number = 5,
	pages = {653--684},
	title = {Cultural preferences for formal versus intuitive reasoning},
	volume = 26,
	year = 2002,
	bdsk-url-1 = {https://doi.org/10.1207/s15516709cog2605_4}}

@article{Nisbett2003b,
	author = {Nisbett, R. E. and Masada, T.},
	doi = {10.1073/pnas.1934527100},
	journal = {Proceedings of the National Academy of Sciences},
	number = {19},
	pages = {11163-11170},
	title = {Culture and point of view},
	url = {https://www.pnas.org/doi/abs/10.1073/pnas.1934527100},
	volume = {100},
	year = {2003},
	bdsk-url-1 = {https://www.pnas.org/doi/abs/10.1073/pnas.1934527100},
	bdsk-url-2 = {https://doi.org/10.1073/pnas.1934527100}}

@online{COCA,
	author = {M. Davies},
	title = {The Corpus of Contemporary American English (COCA)},
	url = {https://www.english-corpora.org/coca/},
	year = 2008-,
	bdsk-url-1 = {https://www.english-corpora.org/coca/}}

@article{Do2018,
	author = {Do, T. T. and Le, M. D. and Nguyen, T. V. and Tran, B. X. and Le, H. T. and Nguyen, H. D. and Zhang, M. W},
	doi = {doi:10.1186/s12889-018-5641-0},
	journal = {BMC Public Health},
	number = 1,
	pages = {764},
	title = {Receptiveness and preferences of health-related smartphone applications among Vietnamese youth and young adults},
	volume = 18,
	year = 2018,
	bdsk-url-1 = {https://doi.org/10.1186/s12889-018-5641-0}}

@book{Francis2005,
	author = {Francis, W. S.},
	publisher = {Oxford University Press},
	title = {Bilingual Semantic and Conceptual Representation},
	year = 2005}

@article{Frank2008,
	author = {Frank, M. C. and Everett, D. L. and Fedorenko, E., and Gibson, E.},
	doi = {doi:10.1016/j.cognition.2008.04.007},
	journal = {Cognition},
	number = 13,
	pages = {819-824},
	title = {Number as a cognitive technology: Evidence from Pirah{\~a} language and cognition},
	volume = 108,
	year = 2008,
	bdsk-url-1 = {https://doi.org/10.1016/j.cognition.2008.04.007}}

@inproceedings{Goldhahn2012,
	author = {Goldhahn, D. and Eckart, T., and Quasthoff, U.},
	booktitle = {Proceedings of the 8th International Language Resources and Evaluation (LREC'12)},
	title = {Building Large Monolingual Dictionaries at the Leipzig Corpora Collection: From 100 to 200 Languages},
	year = 2012}

@online{VICorpus,
	author = {Goldhahn, D. and Eckart, T., and Quasthoff, U.},
	title = {Building Large Monolingual Dictionaries at the Leipzig Corpora Collection: From 100 to 200 Languages},
	url = {https://wortschatz.uni-leipzig.de/en/download/vietnamese},
	year = 2012,
	bdsk-url-1 = {https://wortschatz.uni-leipzig.de/en/download/vietnamese}}

@article{Griffiths2007,
	author = {Griffiths, T. L. and Steyvers, M. and Tenenbaum, J. B.},
	doi = {doi:10.1037/0033-295x.114.2.211},
	journal = {Psychological Review},
	number = 2,
	pages = {211-244},
	title = {Topics in semantic representation},
	volume = 114,
	year = 2007,
	bdsk-url-1 = {https://doi.org/10.1037/0033-295x.114.2.211}}

@article{Ji2000,
	author = {Ji, L. and Peng, K. and Nisbett, R. E.},
	doi = {doi:10.1037/0022-3514.78.5.943},
	journal = {Journal of Personality and Social Psychology},
	number = 5,
	pages = {943-955},
	title = {Culture, control, and perception of relationships in the environment},
	volume = 78,
	year = 2000,
	bdsk-url-1 = {https://doi.org/10.1037/0022-3514.78.5.943}}

@article{Ji2004,
	author = {Ji, L. and Zhang, Z. and Nisbett, R. E.},
	doi = {doi:10.1037/0022-3514.87.1.57},
	journal = {Journal of Personality and Social Psychology},
	number = 1,
	pages = {57-65},
	title = {Is It Culture or Is It Language? Examination of Language Effects in Cross-Cultural Research on Categorization},
	volume = 87,
	year = 2004,
	bdsk-url-1 = {https://doi.org/10.1037/0022-3514.87.1.57}}

@article{Jones2007,
	author = {Jones, M. N. and D. J. Mewhort},
	journal = {Psychol Rev},
	number = 1,
	pages = {1-37},
	title = {Representing Word Meaning and Order Information in a Composite Holographic Lexicon},
	volume = 114,
	year = 2007}

@article{Markman1984,
	author = {Markman, E. M., and Hutchinson, J. E.},
	doi = {doi:10.1016/0010-0285(84)90002-1},
	journal = {Cognitive Psychology},
	number = 1,
	pages = {1-27},
	title = {Children's sensitivity to constraints on word meaning: Taxonomic versus thematic relations},
	volume = 16,
	year = 1984,
	bdsk-url-1 = {https://doi.org/10.1016/0010-0285(84)90002-1}}

@online{FreeAssoc,
	author = {Nelson, D. L. and McEvoy, C. L. and Schreiber, T. A.},
	title = {The University of South Florida word association, rhyme, and word fragment norms},
	url = {http://www.usf.edu/FreeAssociation/},
	year = 1998,
	bdsk-url-1 = {http://www.usf.edu/FreeAssociation/}}

@book{Nisbett2003,
	author = {Nisbett, R. E.},
	publisher = {New York: Free Press},
	title = {The geography of thought: How Asians and Westerners think differently {\ldots} and why},
	year = 2003}

@article{Rohde2006,
	author = {Rohde, D. L. and Gonnerman, L. M., and Plaut, D. C.},
	journal = {Communications of the ACM},
	pages = {627-633},
	title = {An improved model of semantic similarity based on lexical co‚Äêoccurrence},
	volume = 8,
	year = 2006}

@article{Saalbach2007,
	author = {Saalbach, H., and Imai, M.},
	doi = {doi:10.1037/0096-3445.136.3.485},
	journal = {Journal of Experimental Psychology: General},
	number = 3,
	pages = {485--501},
	title = {Scope of linguistic influence: Does a classifier system alter object concepts?},
	volume = 136,
	year = 2007,
	bdsk-url-1 = {https://doi.org/10.1037/0096-3445.136.3.485}}

@article{Winawer2007,
	author = {Winawer, J. and Witthoft, N. and Frank, M. C. and Wu, L. and Wade, A. R. and Boroditsky, L.},
	doi = {doi:10.1073/pnas.0701644104},
	journal = {Proceedings of the National Academy of Sciences},
	number = 19,
	pages = {7780-7785},
	title = {Russian blues reveal effects of language on color discrimination},
	volume = 104,
	year = 2007,
	bdsk-url-1 = {https://doi.org/10.1073/pnas.0701644104}}

@book{Witkin1954,
	author = {Witkin, H. A. and Lewis, H. B. and Hertzman, M. and Machover, K. and Meissner, P. B. and Wapner, S.},
	publisher = {New York: Harper},
	title = {Personality through perception},
	year = 1954}

@article{Wolff2011,
	author = {Wolff, P., and Holmes, K. J.},
	journal = {Wiley Interdisciplinary Reviews: Cognitive Science},
	number = 3,
	pages = {253-265},
	title = {Linguistic relativity},
	volume = 2,
	year = 2007}

@article{Masuda2001,
	author = {Masuda, T., and Nisbett, R. E.},
	doi = {doi:10.1037/0022-3514.81.5.922},
	journal = {Journal of Personality and Social Psychology},
	number = 5,
	pages = {922-934},
	title = {Attending holistically versus analytically: Comparing the context sensitivity of Japanese and Americans.},
	volume = 81,
	year = 2001,
	bdsk-url-1 = {https://doi.org/10.1037/0022-3514.81.5.922}}

@article{Chua2005,
	author = {Chua, H.F. and Boland, J. E. and Nisbett, R. E.},
	doi = {10.1073/pnas.0506162102},
	journal = {Proceedings of the National Academy of Sciences},
	number = {35},
	pages = {12629--12633},
	title = {Cultural variation in eye movements during scene perception},
	volume = {102},
	year = {2005},
	bdsk-url-1 = {https://doi.org/10.1073/pnas.0506162102}}

@article{Kitayama2006,
	author = {Kitayama, S. and Ishii, K. and Imada, T. and Takemura, K. and Ramaswamy, J.},
	doi = {10.1037/0022-3514.91.3.369},
	journal = {Journal of personality and social psychology},
	number = {3},
	pages = {369-84},
	title = {Voluntary Settlement and the Spirit of Independence: Evidence from Japan's ``Northern Frontier''},
	volume = {91},
	year = {2006},
	bdsk-url-1 = {https://doi.org/10.1037/0022-3514.91.3.369}}

@article{Knight2007,
	author = {Knight, N. and Nisbett, R. E.},
	doi = {10.1163/156853707X208512},
	journal = {Journal of Cognition and Culture},
	number = {3-4},
	pages = {283-291},
	title = {Culture, Class and Cognition: Evidence from Italy},
	volume = {7},
	year = {2007},
	bdsk-url-1 = {https://doi.org/10.1163/156853707X208512}}

@article{Fernald1993,
	author = {Fernald, A. and Morikawa, H.},
	doi = {10.2307/1131208},
	journal = {Child Development},
	number = {3},
	pages = {637-656},
	title = {Common themes and cultural variations in Japanese and American mothers' speech to infants},
	volume = {64},
	year = {1993},
	bdsk-url-1 = {https://doi.org/10.2307/1131208}}

@article{Tardif1997,
	author = {Tardif, T. and Shatz, M. and Naigles, L.},
	doi = {10.1017/S030500099700319X},
	journal = {Journal of Child Language},
	number = {3},
	pages = {535-565},
	title = {Caregiver speech and children's use of nouns versus verbs: A comparison of English, Italian, and Mandarin},
	volume = {24},
	year = {1997},
	bdsk-url-1 = {https://doi.org/10.1017/S030500099700319X}}

@article{Miyamoto2006,
	author = {Y. Miyamoto and R. E. Nisbett and T. Masuda},
	doi = {10.1111/j.1467-9280.2006.01673.x},
	journal = {Psychological Science},
	number = {2},
	pages = {113-119},
	title = {Culture and the Physical Environment: Holistic Versus Analytic Perceptual Affordances},
	volume = {17},
	year = {2006},
	bdsk-url-1 = {https://doi.org/10.1111/j.1467-9280.2006.01673.x}}

@article{Tsai2007,
	author = {Tsai, J. and Louie, J. and Chen, E. and Uchida, Y.},
	doi = {10.1177/0146167206292749},
	journal = {Personality and Social Psychology Bulletin},
	number = {1},
	pages = {17-30},
	title = {Learning What Feelings to Desire: Socialization of Ideal Affect Through Children's Storybooks},
	volume = {33},
	year = {2007},
	bdsk-url-1 = {https://doi.org/10.1177/0146167206292749}}

@inproceedings{Mikolov2018,
	author = {Mikolov, Tomas and Grave, Edouard and Bojanowski, Piotr and Puhrsch, Christian and Joulin, Armand},
	booktitle = {Proceedings of the International Conference on Language Resources and Evaluation (LREC 2018)},
	title = {Advances in Pre-Training Distributed Word Representations},
	year = {2018}}

@inproceedings{Grave2018,
	author = {Grave, Edouard and Bojanowski, Piotr and Gupta, Prakhar and Joulin, Armand and Mikolov, Tomas},
	booktitle = {Proceedings of the International Conference on Language Resources and Evaluation (LREC 2018)},
	title = {Learning Word Vectors for 157 Languages},
	year = {2018}}

@inproceedings{Liu2019,
	author = {Liu, Ningwei and Feng, Charles and Wu, Shuning and Chan, Aaron and Fulton, Joel},
	booktitle = {Proceedings of the 2019 International Conference on Artificial Intelligence and Computer Science},
	doi = {10.1145/3349341.3349362},
	pages = {12--17},
	title = {Automate RFP Response Generation Process Using FastText Word Embeddings and Soft Cosine Measure},
	year = {2019},
	bdsk-url-1 = {https://doi.org/10.1145/3349341.3349362}}

@article{Jatnika2019,
	author = {Derry Jatnika and Moch Arif Bijaksana and Arie Ardiyanti Suryani},
	doi = {https://doi.org/10.1016/j.procs.2019.08.153},
	journal = {Procedia Computer Science},
	pages = {160-167},
	title = {Word2Vec Model Analysis for Semantic Similarities in English Words},
	volume = {157},
	year = {2019},
	bdsk-url-1 = {https://doi.org/10.1016/j.procs.2019.08.153}}

@article{Thompson2020,
	author = {Thompson, B., Roberts, S. G. and Lupyan, G},
	doi = {https://doi.org/10.1038/s41562-020-0924-8},
	journal = {Nature Human Behaviour volume},
	pages = {1029--1038},
	title = {Cultural influences on word meanings revealed through large-scale semantic alignment},
	volume = {4},
	year = {2020},
	bdsk-url-1 = {https://doi.org/10.1038/s41562-020-0924-8}}

@incollection{Hui2002,
	author = {W. Hui},
	booktitle = {Across Cultural Borders: Historiography in Global Perspective},
	editor = {E. Fuchs and B. Stuchteyi},
	publisher = {Rowman & Littlefield},
	title = {Modernity and 'Asia' in the Study of Chinese History},
	year = 2002}

@article{Lin2019,
	author = {Lin, S. Y. and Chen, H. C. and Chang T. H. And Lee, W. E. And Sung Y. T.},
	doi = {https://doi.org/10.3758/s13428-019-01208-2},
	journal = {Behavior Research Methods},
	pages = {2310--2336},
	title = {CLAD: A corpus-derived Chinese Lexical Association Database},
	volume = {51},
	year = {2019},
	bdsk-url-1 = {https://doi.org/10.3758/s13428-019-01208-2}}

@article{McGraw1996,
	author = {McGraw, Kenneth O and Wong, Seok P},
	date-added = {2022-01-30 16:18:45 -0800},
	date-modified = {2022-01-30 16:18:48 -0800},
	journal = {Psychological methods},
	number = {1},
	pages = {30},
	publisher = {American Psychological Association},
	title = {Forming inferences about some intraclass correlation coefficients.},
	volume = {1},
	year = {1996}}

@article{2020SciPy,
	adsurl = {https://rdcu.be/b08Wh},
	author = {Virtanen, Pauli and Gommers, Ralf and Oliphant, Travis E. and Haberland, Matt and Reddy, Tyler and Cournapeau, David and Burovski, Evgeni and Peterson, Pearu and Weckesser, Warren and Bright, Jonathan and {van der Walt}, St{\'e}fan J. and Brett, Matthew and Wilson, Joshua and Millman, K. Jarrod and Mayorov, Nikolay and Nelson, Andrew R. J. and Jones, Eric and Kern, Robert and Larson, Eric and Carey, C J and Polat, {\.I}lhan and Feng, Yu and Moore, Eric W. and {VanderPlas}, Jake and Laxalde, Denis and Perktold, Josef and Cimrman, Robert and Henriksen, Ian and Quintero, E. A. and Harris, Charles R. and Archibald, Anne M. and Ribeiro, Ant{\^o}nio H. and Pedregosa, Fabian and {van Mulbregt}, Paul and {SciPy 1.0 Contributors}},
	doi = {10.1038/s41592-019-0686-2},
	journal = {Nature Methods},
	pages = {261--272},
	title = {{{SciPy} 1.0: Fundamental Algorithms for Scientific Computing in Python}},
	volume = {17},
	year = {2020},
	bdsk-url-1 = {https://doi.org/10.1038/s41592-019-0686-2}}

@manual{R-base,
	address = {Vienna, Austria},
	author = {{R Core Team}},
	organization = {R Foundation for Statistical Computing},
	title = {R: A Language and Environment for Statistical Computing},
	url = {https://www.R-project.org/},
	year = {2020},
	bdsk-url-1 = {https://www.R-project.org/}}

@manual{R-papaja,
	author = {Frederik Aust and Marius Barth},
	note = {R package version 0.1.0.9997},
	title = {{papaja}: {Create} {APA} manuscripts with {R Markdown}},
	url = {https://github.com/crsh/papaja},
	year = {2020},
	bdsk-url-1 = {https://github.com/crsh/papaja}}

@book{R-car,
	address = {Thousand Oaks {CA}},
	author = {John Fox and Sanford Weisberg},
	edition = {Third},
	publisher = {Sage},
	title = {An {R} Companion to Applied Regression},
	url = {https://socialsciences.mcmaster.ca/jfox/Books/Companion/},
	year = {2019},
	bdsk-url-1 = {https://socialsciences.mcmaster.ca/jfox/Books/Companion/}}

@manual{R-carData,
	author = {John Fox and Sanford Weisberg and Brad Price},
	note = {R package version 3.0-4},
	title = {carData: Companion to Applied Regression Data Sets},
	url = {https://CRAN.R-project.org/package=carData},
	year = {2020},
	bdsk-url-1 = {https://CRAN.R-project.org/package=carData}}

@manual{R-dplyr,
	author = {Hadley Wickham and Romain Fran{\c c}ois and Lionel Henry and Kirill M{\"u}ller},
	note = {R package version 1.0.0},
	title = {dplyr: A Grammar of Data Manipulation},
	url = {https://CRAN.R-project.org/package=dplyr},
	year = {2020},
	bdsk-url-1 = {https://CRAN.R-project.org/package=dplyr}}

@manual{R-forcats,
	author = {Hadley Wickham},
	note = {R package version 0.5.0},
	title = {forcats: Tools for Working with Categorical Variables (Factors)},
	url = {https://CRAN.R-project.org/package=forcats},
	year = {2020},
	bdsk-url-1 = {https://CRAN.R-project.org/package=forcats}}

@book{R-ggplot2,
	author = {Hadley Wickham},
	isbn = {978-3-319-24277-4},
	publisher = {Springer-Verlag New York},
	title = {ggplot2: Elegant Graphics for Data Analysis},
	url = {https://ggplot2.tidyverse.org},
	year = {2016},
	bdsk-url-1 = {https://ggplot2.tidyverse.org}}

@book{R-knitr,
	address = {Boca Raton, Florida},
	author = {Yihui Xie},
	edition = {2nd},
	note = {ISBN 978-1498716963},
	publisher = {Chapman and Hall/CRC},
	title = {Dynamic Documents with {R} and knitr},
	url = {https://yihui.org/knitr/},
	year = {2015},
	bdsk-url-1 = {https://yihui.org/knitr/}}

@article{R-lme4,
	author = {Douglas Bates and Martin M{\"a}chler and Ben Bolker and Steve Walker},
	doi = {10.18637/jss.v067.i01},
	journal = {Journal of Statistical Software},
	number = {1},
	pages = {1--48},
	title = {Fitting Linear Mixed-Effects Models Using {lme4}},
	volume = {67},
	year = {2015},
	bdsk-url-1 = {https://doi.org/10.18637/jss.v067.i01}}

@manual{R-Matrix,
	author = {Douglas Bates and Martin Maechler},
	note = {R package version 1.2-18},
	title = {Matrix: Sparse and Dense Matrix Classes and Methods},
	url = {https://CRAN.R-project.org/package=Matrix},
	year = {2019},
	bdsk-url-1 = {https://CRAN.R-project.org/package=Matrix}}

@manual{R-patchwork,
	author = {Thomas Lin Pedersen},
	note = {R package version 1.1.1},
	title = {patchwork: The Composer of Plots},
	url = {https://CRAN.R-project.org/package=patchwork},
	year = {2020},
	bdsk-url-1 = {https://CRAN.R-project.org/package=patchwork}}

@manual{R-purrr,
	author = {Lionel Henry and Hadley Wickham},
	note = {R package version 0.3.4},
	title = {purrr: Functional Programming Tools},
	url = {https://CRAN.R-project.org/package=purrr},
	year = {2020},
	bdsk-url-1 = {https://CRAN.R-project.org/package=purrr}}

@manual{R-readr,
	author = {Hadley Wickham and Jim Hester and Romain Francois},
	note = {R package version 1.3.1},
	title = {readr: Read Rectangular Text Data},
	url = {https://CRAN.R-project.org/package=readr},
	year = {2018},
	bdsk-url-1 = {https://CRAN.R-project.org/package=readr}}

@manual{R-stringr,
	author = {Hadley Wickham},
	note = {R package version 1.4.0},
	title = {stringr: Simple, Consistent Wrappers for Common String Operations},
	url = {https://CRAN.R-project.org/package=stringr},
	year = {2019},
	bdsk-url-1 = {https://CRAN.R-project.org/package=stringr}}

@manual{R-tibble,
	author = {Kirill M{\"u}ller and Hadley Wickham},
	note = {R package version 3.0.3},
	title = {tibble: Simple Data Frames},
	url = {https://CRAN.R-project.org/package=tibble},
	year = {2020},
	bdsk-url-1 = {https://CRAN.R-project.org/package=tibble}}

@manual{R-tidyr,
	author = {Hadley Wickham and Lionel Henry},
	note = {R package version 1.1.0},
	title = {tidyr: Tidy Messy Data},
	url = {https://CRAN.R-project.org/package=tidyr},
	year = {2020},
	bdsk-url-1 = {https://CRAN.R-project.org/package=tidyr}}

@article{R-tidyverse,
	author = {Hadley Wickham and Mara Averick and Jennifer Bryan and Winston Chang and Lucy D'Agostino McGowan and Romain Fran{\c c}ois and Garrett Grolemund and Alex Hayes and Lionel Henry and Jim Hester and Max Kuhn and Thomas Lin Pedersen and Evan Miller and Stephan Milton Bache and Kirill M{\"u}ller and Jeroen Ooms and David Robinson and Dana Paige Seidel and Vitalie Spinu and Kohske Takahashi and Davis Vaughan and Claus Wilke and Kara Woo and Hiroaki Yutani},
	doi = {10.21105/joss.01686},
	journal = {Journal of Open Source Software},
	number = {43},
	pages = {1686},
	title = {Welcome to the {tidyverse}},
	volume = {4},
	year = {2019},
	bdsk-url-1 = {https://doi.org/10.21105/joss.01686}}

@manual{R-effsize,
	author = {Marco Torchiano},
	doi = {10.5281/zenodo.1480624},
	note = {R package version 0.8.1},
	title = {effsize: Efficient Effect Size Computation},
	url = {https://CRAN.R-project.org/package=effsize},
	year = {2020},
	bdsk-url-1 = {https://CRAN.R-project.org/package=effsize},
	bdsk-url-2 = {https://doi.org/10.5281/zenodo.1480624}}

@manual{R-here,
	author = {Kirill M{\"u}ller},
	note = {R package version 0.1},
	title = {here: A Simpler Way to Find Your Files},
	url = {https://CRAN.R-project.org/package=here},
	year = {2017},
	bdsk-url-1 = {https://CRAN.R-project.org/package=here}}

@article{R-lmerTest,
	author = {Alexandra Kuznetsova and Per B. Brockhoff and Rune H. B. Christensen},
	doi = {10.18637/jss.v082.i13},
	journal = {Journal of Statistical Software},
	number = {13},
	pages = {1--26},
	title = {{lmerTest} Package: Tests in Linear Mixed Effects Models},
	volume = {82},
	year = {2017},
	bdsk-url-1 = {https://doi.org/10.18637/jss.v082.i13}}

@manual{R-rio,
	author = {Chung-hong Chan and Geoffrey CH Chan and Thomas J. Leeper and Jason Becker},
	note = {R package version 0.5.16},
	title = {rio: A Swiss-army knife for data file I/O},
	year = {2018}}

@manual{R-tinylabels,
	author = {Marius Barth},
	note = {R package version 0.2.3},
	title = {{tinylabels}: Lightweight Variable Labels},
	url = {https://cran.r-project.org/package=tinylabels},
	year = {2022},
	bdsk-url-1 = {https://cran.r-project.org/package=tinylabels}}

@manual{R-emmeans,
	author = {Russell V. Lenth},
	note = {R package version 1.8.1-1},
	title = {emmeans: Estimated Marginal Means, aka Least-Squares Means},
	url = {https://CRAN.R-project.org/package=emmeans},
	year = {2022},
	bdsk-url-1 = {https://CRAN.R-project.org/package=emmeans}}

@manual{R-digest,
	author = {Dirk Eddelbuettel with contributions by Antoine Lucas and Jarek Tuszynski and Henrik Bengtsson and Simon Urbanek and Mario Frasca and Bryan Lewis and Murray Stokely and Hannes Muehleisen and Duncan Murdoch and Jim Hester and Wush Wu and Qiang Kou and Thierry Onkelinx and Michel Lang and Viliam Simko and Kurt Hornik and Radford Neal and Kendon Bell and Matthew {de Queljoe} and Ion Suruceanu and Bill Denney and Dirk Schumacher and and Winston Chang.},
	note = {R package version 0.6.29},
	title = {digest: Create Compact Hash Digests of R Objects},
	url = {https://CRAN.R-project.org/package=digest},
	year = {2021},
	bdsk-url-1 = {https://CRAN.R-project.org/package=digest}}

@manual{R-gtools,
	author = {Ben Bolker and Gregory R. Warnes and Thomas Lumley},
	note = {R package version 3.9.3},
	title = {gtools: Various R Programming Tools},
	url = {https://CRAN.R-project.org/package=gtools},
	year = {2022},
	bdsk-url-1 = {https://CRAN.R-project.org/package=gtools}}

@article{R-jsonlite,
	author = {Jeroen Ooms},
	journal = {arXiv:1403.2805 [stat.CO]},
	title = {The jsonlite Package: A Practical and Consistent Mapping Between JSON Data and R Objects},
	url = {https://arxiv.org/abs/1403.2805},
	year = {2014},
	bdsk-url-1 = {https://arxiv.org/abs/1403.2805}}

@manual{R-tidyjson,
	author = {Jeremy Stanley and Cole Arendt},
	note = {R package version 0.3.1},
	title = {tidyjson: Tidy Complex 'JSON'},
	url = {https://CRAN.R-project.org/package=tidyjson},
	year = {2020},
	bdsk-url-1 = {https://CRAN.R-project.org/package=tidyjson}}

@article{R-Formula,
	author = {Achim Zeileis and Yves Croissant},
	doi = {10.18637/jss.v034.i01},
	journal = {Journal of Statistical Software},
	number = {1},
	pages = {1--13},
	title = {Extended Model Formulas in {R}: Multiple Parts and Multiple Responses},
	volume = {34},
	year = {2010},
	bdsk-url-1 = {https://doi.org/10.18637/jss.v034.i01}}

@manual{R-Hmisc,
	author = {Frank E {Harrell Jr}},
	note = {R package version 4.7-2},
	title = {Hmisc: Harrell Miscellaneous},
	url = {https://CRAN.R-project.org/package=Hmisc},
	year = {2022},
	bdsk-url-1 = {https://CRAN.R-project.org/package=Hmisc}}

@book{R-lattice,
	address = {New York},
	author = {Deepayan Sarkar},
	note = {ISBN 978-0-387-75968-5},
	publisher = {Springer},
	title = {Lattice: Multivariate Data Visualization with R},
	url = {http://lmdvr.r-forge.r-project.org},
	year = {2008},
	bdsk-url-1 = {http://lmdvr.r-forge.r-project.org}}

@book{R-survival-book,
	address = {New York},
	author = {{Terry M. Therneau} and {Patricia M. Grambsch}},
	isbn = {0-387-98784-3},
	publisher = {Springer},
	title = {Modeling Survival Data: Extending the {C}ox Model},
	year = {2000}}
