%% This BibTeX bibliography file was created using BibDesk.
%% http://bibdesk.sourceforge.net/


%% Created for Tobias Gerstenberg at 2019-03-07 20:31:41 -0800 


%% Saved with string encoding Unicode (UTF-8) 


@article{gerstenberg2017tracking,
	Author = {Tobias Gerstenberg and Matthew F. Peterson and Noah D. Goodman and David A. Lagnado and Joshua B. Tenenbaum},
	Date-Added = {2019-03-07 20:31:38 -0800},
	Date-Modified = {2019-03-07 20:31:38 -0800},
	Doi = {10.1177/0956797617713053},
	Journal = {Psychological Science},
	Month = {oct},
	Number = {12},
	Pages = {1731--1744},
	Publisher = {{SAGE} Publications},
	Title = {Eye-Tracking causality},
	Url = {https://doi.org/10.1177\%2F0956797617713053},
	Volume = {28},
	Year = 2017,
	Bdsk-Url-1 = {https://doi.org/10.1177%5C%2F0956797617713053},
	Bdsk-Url-2 = {https://doi.org/10.1177/0956797617713053}}


@InCollection{Boroditsky2003,
  author =	 {L. Boroditsky and L. Schmidt and W. Phillips},
  title =	 {Sex, Syntax, and Semantics},
  booktitle =	 {Language in Mind: Advances in the Study of Language and Cognition},
  publisher =	 {MIT Press},
  year =	 2003,
  editor =	 {D. Gentner and S. Goldin-Meadow},
  address =	 {Cambridge, MA}
}

@Article{Chiu1972,
  author =	 {L. Chiu},
  title =	 {A Cross-Cultural Comparison of Cognitive Styles in Chinese and American Children},
  journal =	 {International Journal of Psychology},
  year =	 1972,
  volume =	 7,
  number = 4, 
  pages =	 {235--242},
  DOI =       "doi:10.1080/00207597208246604"
}

@Article{Choi1999,
  author =	 {I. Choi and R. E. Nisbett and A. Norenzayan},
  title =	 {Causal attribution across cultures: Variation and universality},
  journal =	 {International Journal of Psychology},
  year =	 1999,
  volume =	 125,
  number = 1, 
  pages =	 {47--63},
  DOI =       "doi:10.1037/0033-2909.125.1.47"
}

@Article{Norenzayan2002,
  author =	 {A. Norenzayan and E. E. Smith and B. J. Kim and R. E. Nisbett},
  title =	 {Cultural preferences for formal versus intuitive reasoning},
  journal =	 {Cognitive Science},
  year =	 2002,
  volume =	 26,
  number = 5, 
  pages =	 {653--684},
  DOI =       "doi:10.1207/s15516709cog2605_4"
}

@online{COCA,
  author = {M. Davies},
  title = {The Corpus of Contemporary American English (COCA)},
  year = 2008-,
  url = {https://www.english-corpora.org/coca/}
}

@Article{Do2018,
  author =	 {Do, T. T. and Le, M. D. and Nguyen, T. V. and Tran, B. X. and Le, H. T. and Nguyen, H. D. and Zhang, M. W},
  title =	 {Receptiveness and preferences of health-related smartphone applications among Vietnamese youth and young adults},
  journal =	 {BMC Public Health},
  year =	 2018,
  volume =	 18,
  number = 1, 
  pages = {764},
  DOI =       "doi:10.1186/s12889-018-5641-0"
}

@Book{Francis2005,
  author =	 {Francis, W. S.},
  title =	 {Bilingual Semantic and Conceptual Representation},
  publisher =	 {Oxford University Press},
  year =	 2005
}

@Article{Frank2008,
  author =	 {Frank, M. C. and Everett, D. L. and Fedorenko, E., and Gibson, E.},
  title =	 {Number as a cognitive technology: Evidence from Pirahã language and cognition},
  journal =	 {Cognition},
  year =	 2008,
  volume =	 108,
  number = 13, 
  pages = {819-824},
  DOI =       "doi:10.1016/j.cognition.2008.04.007"
}

@InProceedings{Goldhahn2012,
  author =	 {Goldhahn, D. and Eckart, T., and Quasthoff, U.},
  title =	 {Building Large Monolingual Dictionaries at the Leipzig Corpora Collection: From 100 to 200 Languages},
  booktitle =	 {Proceedings of the 8th International Language Resources and Evaluation (LREC'12)},
  year =	 2012,
}

@online{VICorpus,
  author = {Goldhahn, D. and Eckart, T., and Quasthoff, U.},
  title = {Building Large Monolingual Dictionaries at the Leipzig Corpora Collection: From 100 to 200 Languages},
  year = 2012,
  url = {https://wortschatz.uni-leipzig.de/en/download/vietnamese}
}

@Article{Griffiths2007,
  author =	 {Griffiths, T. L. and Steyvers, M. and Tenenbaum, J. B.},
  title =	 {Topics in semantic representation},
  journal =	 {Psychological Review},
  year =	 2007,
  volume =	 114,
  number = 2, 
  pages = {211-244},
  DOI =       "doi:10.1037/0033-295x.114.2.211"
}


@Article{Ji2000,
  author =	 {Ji, L. and Peng, K. and Nisbett, R. E.},
  title =	 {Culture, control, and perception of relationships in the environment},
  journal =	 {Journal of Personality and Social Psychology},
  year =	 2000,
  volume =	 78,
  number = 5, 
  pages = {943-955},
  DOI =       "doi:10.1037/0022-3514.78.5.943"
}

@Article{Ji2004,
  author =	 {Ji, L. J. and Zhang, Z. and Nisbett, R. E.},
  title =	 {Is It Culture or Is It Language? Examination of Language Effects in Cross-Cultural Research on Categorization},
  journal =	 {Journal of Personality and Social Psychology},
  year =	 2004,
  volume =	 87,
  number = 1, 
  pages = {57-65},
  DOI =       "doi:10.1037/0022-3514.87.1.57"
}

@Article{Jones2007,
  author =	 {Jones, M. N. and D. J. Mewhort},
  title =	 {Representing Word Meaning and Order Information in a Composite Holographic Lexicon},
  journal =	 {Psychol Rev},
  year =	 2007,
  volume =	 114,
  number = 1, 
  pages = {1-37}
}

@Article{Markman1984,
  author =	 {Markman, E. M., and Hutchinson, J. E.},
  title =	 {Children's sensitivity to constraints on word meaning: Taxonomic versus thematic relations},
  journal =	 {Cognitive Psychology},
  year =	 1984,
  volume =	 16,
  number = 1, 
  pages = {1-27},
  DOI =       "doi:10.1016/0010-0285(84)90002-1"
}

@online{FreeAssoc,
  author = {Nelson, D. L. and McEvoy, C. L. and Schreiber, T. A.},
  title = {The University of South Florida word association, rhyme, and word fragment norms},
  year = 1998,
  url = {http://www.usf.edu/FreeAssociation/}
}

@Book{Nisbett2003,
  author =	 {Nisbett, R. E.},
  title =	 {The geography of thought: How Asians and Westerners think differently … and why},
  publisher =	 {New York: Free Press},
  year =	 2003
}

@Article{Rohde2006,
  author =	 {Rohde, D. L. and Gonnerman, L. M., and Plaut, D. C.},
  title =	 {An improved model of semantic similarity based on lexical co‐occurrence},
  journal =	 {Communications of the ACM},
  year =	 2006,
  volume =	 8,
  pages = {627-633}
}

@Article{Saalbach2007,
  author =	 {Saalbach, H., and Imai, M.},
  title =	 {Scope of linguistic influence: Does a classifier system alter object concepts?},
  journal =	 {Journal of Experimental Psychology: General},
  year =	 2007,
  volume =	 136,
  number = 3,
  pages = {485–501},
  DOI =       "doi:10.1037/0096-3445.136.3.485"
}

@Article{Winawer2007,
  author =	 {Winawer, J. and Witthoft, N. and Frank, M. C. and Wu, L. and Wade, A. R. and Boroditsky, L.},
  title =	 {Russian blues reveal effects of language on color discrimination},
  journal =	 {Proceedings of the National Academy of Sciences},
  year =	 2007,
  volume =	 104,
  number = 19,
  pages = {7780-7785},
  DOI =       "doi:10.1073/pnas.0701644104"
}

@Book{Witkin1954,
  author =	 {Witkin, H. A. and Lewis, H. B. and Hertzman, M. and Machover, K. and Meissner, P. B. and Wapner, S.},
  title =	 {Personality through perception},
  publisher =	 {New York: Harper},
  year =	 1954
 }

@Article{Wolff2011,
  author =	 {Wolff, P., and Holmes, K. J.},
  title =	 {Linguistic relativity},
  journal =	 {Wiley Interdisciplinary Reviews: Cognitive Science},
  year =	 2007,
  volume =	 2,
  number = 3,
  pages = {253-265}
}

@Article{Masuda2001,
  author =	 {Masuda, T., and Nisbett, R. E.},
  title =	 {Attending holistically versus analytically: Comparing the context sensitivity of Japanese and Americans.},
  journal =	 {Journal of Personality and Social Psychology},
  year =	 2991,
  volume =	 81,
  number = 5,
  pages = {922-934},
   DOI =       "doi:10.1037/0022-3514.81.5.922"
}


@article {Chua2005,
	author = {Chua, H.F. and Boland, J. E. and Nisbett, R. E.},
	title = {Cultural variation in eye movements during scene perception},
	journal = {Proceedings of the National Academy of Sciences},
	volume = {102},
	number = {35},
	pages = {12629--12633},
	year = {2005},
	doi = {10.1073/pnas.0506162102},
}


@article{Kitayama2006,
author = {Kitayama, S. and Ishii, K. and Imada, T. and Takemura, K. and Ramaswamy, J.},
year = {2006},
pages = {369-84},
title = {Voluntary Settlement and the Spirit of Independence: Evidence from Japan’s “Northern Frontier”},
volume = {91},
number = {3},
journal = {Journal of personality and social psychology},
doi = {10.1037/0022-3514.91.3.369}
}

@article{Knight2007,
author = {Knight, N. and Nisbett, R. E.},
year = {2007},
pages = {283-291},
title = {Culture, Class and Cognition: Evidence from Italy},
volume = {7},
number = {3-4},
journal = {Journal of Cognition and Culture},
doi = {10.1163/156853707X208512}
}


@article{Fernald1993,
author = {Fernald, A. and Morikawa, H.},
year = {1993},
pages = {637-656},
title = {Common themes and cultural variations in Japanese and American mothers' speech to infants},
volume = {64},
number = {3},
journal = {Child Development},
doi = {10.2307/1131208}
}

@article{Tardif1997,
author = {Tardif, T. and Shatz, M. and Naigles, L.},
year = {1997},
pages = {535-565},
title = {Caregiver speech and children's use of nouns versus verbs: A comparison of English, Italian, and Mandarin},
volume = {24},
number = {3},
journal = {Journal of Child Language},
doi = {10.1017/S030500099700319X}
}


@article{Miyamoto2006,
author = {Y. Miyamoto and R. E. Nisbett and T. Masuda},
title ={Culture and the Physical Environment: Holistic Versus Analytic Perceptual Affordances},
journal = {Psychological Science},
volume = {17},
number = {2},
pages = {113-119},
year = {2006},
doi = {10.1111/j.1467-9280.2006.01673.x},
 }

@article{Tsai2007,
author = {Tsai, J. and Louie, J. and Chen, E. and Uchida, Y.},
year = {2007},
pages = {17-30},
title = {Learning What Feelings to Desire: Socialization of Ideal Affect Through Children's Storybooks},
volume = {33},
number={1},
journal = {Personality and Social Psychology Bulletin},
doi = {10.1177/0146167206292749}
}

@inproceedings{Mikolov2018,
  title={Advances in Pre-Training Distributed Word Representations},
  author={Mikolov, Tomas and Grave, Edouard and Bojanowski, Piotr and Puhrsch, Christian and Joulin, Armand},
  booktitle={Proceedings of the International Conference on Language Resources and Evaluation (LREC 2018)},
  year={2018}
}

@inproceedings{Grave2018,
  title={Learning Word Vectors for 157 Languages},
  author={Grave, Edouard and Bojanowski, Piotr and Gupta, Prakhar and Joulin, Armand and Mikolov, Tomas},
  booktitle={Proceedings of the International Conference on Language Resources and Evaluation (LREC 2018)},
  year={2018}
}

@inproceedings{Liu2019, 
author = {Liu, Ningwei and Feng, Charles and Wu, Shuning and Chan, Aaron and Fulton, Joel},
title = {Automate RFP Response Generation Process Using FastText Word Embeddings and Soft Cosine Measure},
year = {2019},
doi = {10.1145/3349341.3349362},
booktitle = {Proceedings of the 2019 International Conference on Artificial Intelligence and Computer Science},
pages = {12–17},
}

  
@article{Jatnika2019,
title = {Word2Vec Model Analysis for Semantic Similarities in English Words},
journal = {Procedia Computer Science},
volume = {157},
pages = {160-167},
year = {2019},
doi = {https://doi.org/10.1016/j.procs.2019.08.153},
author = {Derry Jatnika and Moch Arif Bijaksana and Arie Ardiyanti Suryani},
}

@article{Thompson2020,
author = {Thompson, B., Roberts, S. G. and Lupyan, G},
title = {Cultural influences on word meanings revealed through large-scale semantic alignment},
journal = {Nature Human Behaviour volume},
volume = {4},
pages = {1029–1038},
year = {2020},
doi = {https://doi.org/10.1038/s41562-020-0924-8},
}

@InCollection{Hui2002,
  author =	 {W. Hui},
  title =	 {Modernity and 'Asia' in the Study of Chinese History},
  booktitle =	 {Across Cultural Borders: Historiography in Global Perspective},
  publisher =	 {Rowman & Littlefield},
  year =	 2002,
  editor =	 {E. Fuchs and B. Stuchteyi}
}

@ARTICLE{2020SciPy,
  author  = {Virtanen, Pauli and Gommers, Ralf and Oliphant, Travis E. and
            Haberland, Matt and Reddy, Tyler and Cournapeau, David and
            Burovski, Evgeni and Peterson, Pearu and Weckesser, Warren and
            Bright, Jonathan and {van der Walt}, St{\'e}fan J. and
            Brett, Matthew and Wilson, Joshua and Millman, K. Jarrod and
            Mayorov, Nikolay and Nelson, Andrew R. J. and Jones, Eric and
            Kern, Robert and Larson, Eric and Carey, C J and
            Polat, {\.I}lhan and Feng, Yu and Moore, Eric W. and
            {VanderPlas}, Jake and Laxalde, Denis and Perktold, Josef and
            Cimrman, Robert and Henriksen, Ian and Quintero, E. A. and
            Harris, Charles R. and Archibald, Anne M. and
            Ribeiro, Ant{\^o}nio H. and Pedregosa, Fabian and
            {van Mulbregt}, Paul and {SciPy 1.0 Contributors}},
  title   = {{{SciPy} 1.0: Fundamental Algorithms for Scientific
            Computing in Python}},
  journal = {Nature Methods},
  year    = {2020},
  volume  = {17},
  pages   = {261--272},
  adsurl  = {https://rdcu.be/b08Wh},
  doi     = {10.1038/s41592-019-0686-2},
}
